@book{adams1991armlocks,
  title={Armlocks},
  author={Adams, N.},
  isbn={9780951845523},
  series={Judo Masterclass Techniques},
  year={1991},
  publisher={Ippon Books}
}
@book{adams1990grips,
  title={Grips},
  author={Adams, N. and Ferrie, E.},
  isbn={9781852233860},
  series={Judo Masterclass Techniques},
  year={1990},
  publisher={Ippon Books}
}
@book{adams1996tai,
  title={Tai-Otoshi},
  author={Adams, N. and Ferrie, E.},
  isbn={9781874572213},
  series={Judo Masterclass Techniques},
  year={1996},
  publisher={Ippon Books}
}
@book{awazu1974méthode,
  title={M{\'e}thode de judo au sol},
  author={Awazu, S.},
  isbn={9782702700334},
  series={Chiron sports},
  year={1974},
  publisher={Chiron}
}
@book{daigo2005kodokan,
  title={Kodokan Judo:Throwing Techniques},
  author={Daigo, T. and White, F. and {K{\=o}d{\=o}kan (Tokyo, Japan)}},
  isbn={9784770023308},
  year={2005},
  publisher={Kodansha International}
}
@book{daigo2009wurftechniken1,
  title={Wurftechniken des Kodokan Judo: Te-waza/Koshi-waza},
  author={Daigo, T. and Born, D.},
  isbn={9783922006558},
  series={Wurftechniken des Kodokan Judo},
  year={2009},
  publisher={Born}
}

@book{daigo2011wurftechniken2,
  title={Wurftechniken des Kodokan Judo: Ashi-waza},
  author={Daigo, T. and Born, D.},
  isbn={9783922006565},
  series={Wurftechniken des Kodokan Judo},
  year={2011},
  publisher={Born}
}@book{dickhaut2012judomethodik,
  title={Judomethodik im Wandel der Zeit: moderne Vermittlung am Beispiel von Barai-Techniken},
  author={Dickhaut, S. and Lippmann, R.},
  isbn={9783898997348},
  series={Offizielle DJB-Schriftenreihe},
  year={2012},
  publisher={Meyer \& Meyer }
}
@book{fukuda2004ju,
  title={Ju-No-Kata: },
  author={Fukuda, K.},
  isbn={9781556435041},
  year={2004},
  publisher={North Atlantic Books}
}
@book{geesink1977judo,
  title={Judo in Evolution: vollst{\"a}ndiger, neuer Judolehrgang},
  author={Geesink, A.},
  isbn={9789022971819},
  year={1977},
  publisher={Bruna}
}
@book{goertz1985ju,
  title={Ju-no-Kata},
  author={Goertz, V.},
  isbn={9783878920106},
  series={Fachb{\"u}cher f{\"u}r Judo},
  year={1985},
  publisher={Weinmann}
}
@book{hoare2008history,
  title={A History of Judo},
  author={Hoare, S.},
  isbn={9780956049803},
  year={2008},
  publisher={Yamagi Books}
}
@book{hoare1993z,
  title={The A-Z of Judo},
  author={Hoare, S. and Finch, D.},
  isbn={9781874572701},
  series={Special interest},
  year={1993},
  publisher={Ippon Books}
}
@book{iatskevitch1999russian,
  title={Russian Judo},
  author={Iatskevich, A.},
  isbn={9781874572466},
  series={Judo Masterclass Techniques},
  year={1999},
  publisher={Ippon Books}
}@book{kano2007kodokan,
  title={Kodokan Judo},
  author={Kano, J.},
  isbn={9784770017994},
  year={2007},
  publisher={Born}
}
@book{kano2013kodokan,
  title={Kodokan Judo: The Essential Guide to Judo by Its Founder Jigoro Kano},
  author={Kano, J.},
  isbn={9781568365398},
  year={2013},
  publisher={Kodansha America}
}
@book{kashiwazaki1995attacking,
  title={Attacking Judo: A Guide to Combinations and Counters},
  author={Kashiwazaki, K. and Nakanishi, H.},
  isbn={9780951845592},
  series={Special Interest},
  year={1995},
  publisher={Ippon Books}
}
@book{kashiwazaki2012einführung,
  title={Einf{\"u}hrung in die Hebeltechniken des Judo: Anwendung in Kampfsituationen},
  author={Kashiwazaki, K.},
  isbn={9783922006329},
  series={Judo exklusiv},
  year={2012},
  publisher={Born}
}
@book{kashiwazaki1985fighting,
  title={Fighting Judo},
  author={Kashiwazaki, K. and Donovan, T.},
  isbn={9780720715941},
  year={1985},
  publisher={Pelham}
}
@book{kashiwazaki1997osaekomi,
  title={Osaekomi},
  author={Kashiwazaki, K. and Mark, D.},
  isbn={9781874572367},
  series={Judo Masterclass Techniques},
  year={1997},
  publisher={Ippon Books}
}
@book{kashiwazaki1992shimewaza,
  title={Shimewaza},
  author={Kashiwazaki, K.},
  isbn={9780951845530},
  series={Judo Masterclass Techniques},
  year={1992},
  publisher={Ippon Books}
}
@book{kashiwazaki1992tomoe,
  title={Tomoe-nage},
  author={Kashiwazaki, K.},
  isbn={9780951845578},
  series={Judo Masterclass Techniques},
  year={1992},
  publisher={Ippon Books}
}
@book{kawaishi1956ma,
  title={Ma m{\'e}thode de judo: par Mikinosuke Kawaishi Shi-Han},
  author={Kawaishi, M.},
  year={1956},
  publisher={J. Cario}
}
@book{komuro2011komlock,
  title={Judo Newaza of Koji Komuro Komlock!},
  author={Komuro, K.},
  isbn={9784863910058},
  year={2011},
  publisher={Shinyusya Co. LTD}
}@book{linn2015judo,
  title={Judo - kompakt: Das Nachschlagewerk f{\"u}r Trainer, Pr{\"u}fer \& Judoka},
  author={Linn, B.},
  isbn={9783840335631},
  series={Kompakt},
  year={2015},
  publisher={Meyer \& Meyer}
}
@book{lippmann2011judo,
  title={Judo: Trainer-C-Ausbildung},
  author={Lippmann, R. and Deutscher Judo-Bund},
  isbn={9783898996044},
  year={2011},
  publisher={Meyer \& Meyer}
}
@book{2004canon,
  title={The Canon of Judo: Classic Teachings on Principles and Techniques},
  author={Mifune, K.},
  isbn={9784770029799},
  year={2004},
  publisher={Kodansha International}
}
@book{müller1987judo,
  title={Judo},
  author={M{\"u}ller-Deck, H. and Lehmann, G.},
  year={1987},
  publisher={Sportverlag}
}
@book{nadler1976judo,
  title={Judo, Ne-Waza: Bodenarbeit},
  author={Nadler, F.},
  isbn={9783785312391},
  year={1976},
  publisher={Limpert}
}
@book{nakanishi1992seoi,
  title={Seoi-nage},
  author={Nakanishi, H. and Finch, D.},
  isbn={9780951845547},
  series={Judo Masterclass Techniques},
  year={1992},
  publisher={Ippon Books}
}
@book{okano1976vitalboden,
  title={Vital Judo: Bodentechniken. {\"U}bers. aus d. Engl},
  author={Okano, I.},
  isbn={9783980028801},
  series={Vital Judo},
  year={1976},
  publisher={Japan Publ.}
}
@book{okano1979vitalstand,
  title={Vital Judo: Wurftechniken. {\"U}bers. aus d. Engl},
  author={Okano, I. and Sato, T.},
  isbn={9783980028806},
  series={Vital Judo},
  year={1979},
  publisher={Japan Publ.}
}
@online{kodokan.org,
  author = {Kodokan Judo Institute},
  title = {Teachings of Kano Jigoro Shihan},
  url = {http://kodokanjudoinstitute.org/en/doctrine/},
  urldate = {2018-11-18}
}

@online{judo.wiki,
  author = {Wikipedia},
  title = {Judo},
  url = {https://de.wikipedia.org/wiki/Judo},
  urldate = {2018-11-18}
}@book{rouge1991harai,
  title={Harai-Goshi},
  author={Roug{\'e}, J.L.},
  isbn={9781852235970},
  series={Judo Masterclass Techniques},
  year={1991},
  publisher={Ippon Books}
}
@book{sato1992ashiwaza1,
  title={Ashiwaza},
  author={Sato, N.},
  isbn={9780951845554},
  series={Judo Masterclass Techniques},
  year={1992},
  publisher={Ippon Books}
}

@book{sato1994ashiwaza2,
  title={Ashiwaza II},
  author={Swain, M.},
  isbn={9781874572657},
  series={Judo Masterclass Techniques},
  year={1994},
  publisher={Ippon Books}
}@book{inokuma1986best,
  title={Best Judo},
  author={Inokuma, I. and Sato, N.},
  isbn={9784770012869},
  series={Illustrated Japanese Classics},
  year={1986},
  publisher={Kodansha International}
}
@book{sugai1991uchimata,
  title={Uchimata},
  author={Sugai, H.},
  isbn={9780951845516},
  series={Judo Masterclass Techniques},
  year={1991},
  publisher={Ippon Books}
}
@book{van1993pick,
  title={Pick-ups: },
  author={Van de Walle, R. and Finch, D.},
  isbn={9781874572107},
  series={Judo Masterclass Techniques},
  year={1993},
  publisher={Ippon Books}
}
@book{walter2009judo,
  title={Judo Bodentechniken: 163 Haltegriffe, Hebel- und W{\"u}rgetechniken},
  author={Walter, P.},
  isbn={9783837041859},
  year={2009},
  publisher={Books on Demand}
}
@book{watson2008judo,
  title={Judo Memoirs of Jigoro Kano},
  author={Watson, B.N.},
  isbn={9781425163518},
  year={2008},
  publisher={Trafford Publishing}
}
@book{wolf1983judo,
  title={Judo f{\"u}r Fortgeschrittene},
  author={Wolf, H.},
  year={1983},
  publisher={Sportverl.}
}
@book{yamashita1991osoto,
  title={Osoto-gari: Judo Masterclass Techniques},
  author={Yamashita, Y.},
  isbn={9781852234904},
  series={Judo Masterclass Techniques},
  year={1991},
  publisher={Ippon Books}
}
@book{djbdanskript,
  title={DJB Begleitmaterial zum Dan-Prüfungsprogramm},
  author={Lippmann, R. and Daxbacher, H. and Hanelt, K. and Jäger, R. and Keßler, 
  K. and Klocke, U. and Mieth, R. and Müller-Deck, Dr. paed. habil. H. and Schröder, 
  J. and Staller, M. and Ulbricht, Dr. H.-J. and Zeiser, F.},
  year={2011},
  publisher={DJB},
  url={https://www.judobund.de/fileadmin/_horusdam/487-Begleitmaterial_DanPO_DJB_Mai2011.pdf}
}@book{djbkataregelwerk,
  title={DJB-Regelwerk für Kata-Wettbewerbe},
  author={Dr. Magnus Jezussek},
  year={2016},
  publisher={DJB},
  url={https://www.judobund.de/fileadmin/_horusdam/897-DJB-Regelwerk_Kata-Wettbewerbe-IJF2015.pdf}
}
